<?xml version="1.0" encoding="UTF-8"?><record xmlns="http://www.loc.gov/MARC21/slim" xmlns:cinclude="http://apache.org/cocoon/include/1.0" xmlns:zs="http://www.loc.gov/zing/srw/">
  <leader>01291cz  a2200229n  4500</leader>
  <controlfield tag="001">nb2002078667</controlfield>
  <controlfield tag="003">DLC</controlfield>
  <controlfield tag="005">20060712130617.0</controlfield>
  <controlfield tag="008">020918n| acannaabn          |a aaa      </controlfield>
  <datafield tag="010" ind1=" " ind2=" ">
    <subfield code="a">nb2002078667</subfield>
    <subfield code="z">n  98067111 </subfield>
  </datafield>
  <datafield tag="035" ind1=" " ind2=" ">
    <subfield code="a">(OCoLC)oca05869119</subfield>
  </datafield>
  <datafield tag="040" ind1=" " ind2=" ">
    <subfield code="a">Uk</subfield>
    <subfield code="b">eng</subfield>
    <subfield code="c">Uk</subfield>
    <subfield code="d">NjBlaOCU</subfield>
    <subfield code="d">DLC</subfield>
  </datafield>
  <datafield tag="100" ind1="1" ind2=" ">
    <subfield code="a">Maguire, James,</subfield>
    <subfield code="d">1959-</subfield>
  </datafield>
  <datafield tag="400" ind1="1" ind2=" ">
    <subfield code="a">Maguire, Jamie,</subfield>
    <subfield code="d">1959-</subfield>
  </datafield>
  <datafield tag="667" ind1=" " ind2=" ">
    <subfield code="a">Formerly on undifferentiated name record n85055710</subfield>
  </datafield>
  <datafield tag="670" ind1=" " ind2=" ">
    <subfield code="a">Techtv's secrets of the digital studio, c2002:</subfield>
    <subfield code="b">t.p. (James Maguire) cover (produces sound design for radio, television, CD-ROM and internet applications)</subfield>
  </datafield>
  <datafield tag="670" ind1=" " ind2=" ">
    <subfield code="a">e-music, c2000:</subfield>
    <subfield code="b">t.p. (James Maguire) p.3 of cover (audio producer, multimedia sound designer, Internet journalist) BL AL sent 14 June 2002</subfield>
  </datafield>
  <datafield tag="670" ind1=" " ind2=" ">
    <subfield code="a">E-mail from author, 18 Sept. 2002</subfield>
    <subfield code="b">(James Maguire, born 4 Aug. 1959; Executive Director Omnibeam Inc.)</subfield>
  </datafield>
  <datafield tag="670" ind1=" " ind2=" ">
    <subfield code="a">Self-esteem, p1995:</subfield>
    <subfield code="b">label (Jamie Maguire)</subfield>
  </datafield>
  <datafield tag="670" ind1=" " ind2=" ">
    <subfield code="a">E-mail from author, May 10, 2006</subfield>
    <subfield code="b">(composed the music to the Liguori Publications cassette tape Self-esteem)</subfield>
  </datafield>
  <datafield tag="670" ind1=" " ind2=" ">
    <subfield code="a">Impresario, 2006:</subfield>
    <subfield code="b">t.p. (James Maguire) jkt. (author of American bee)</subfield>
  </datafield>
  <datafield tag="670" ind1=" " ind2=" ">
    <subfield code="a">Maguire's WWW Home page, July 12, 2006:</subfield>
    <subfield code="b">(James Maguire; Jamie; author of American bee, Impresario, and Techtv's secrets of the digital studio)</subfield>
  </datafield>
</record>